<?xml version="1.0" encoding="UTF-8"?><record xmlns="http://www.loc.gov/MARC21/slim" xmlns:cinclude="http://apache.org/cocoon/include/1.0" xmlns:zs="http://www.loc.gov/zing/srw/">
  <leader>00396cz  a2200121n  4500</leader>
  <controlfield tag="001">n 2005006849</controlfield>
  <controlfield tag="003">DLC</controlfield>
  <controlfield tag="005">20050131135302.0</controlfield>
  <controlfield tag="008">050131n| acannaabn          |n aad      </controlfield>
  <datafield tag="010" ind1=" " ind2=" ">
    <subfield code="a">n 2005006849</subfield>
  </datafield>
  <datafield tag="040" ind1=" " ind2=" ">
    <subfield code="a">DLC</subfield>
    <subfield code="b">eng</subfield>
    <subfield code="c">DLC</subfield>
  </datafield>
  <datafield tag="100" ind1="1" ind2=" ">
    <subfield code="a">Tummeleht, Toomas</subfield>
  </datafield>
  <datafield tag="670" ind1=" " ind2=" ">
    <subfield code="a">Rääts, Jaan. Ein musikalisches Porträt des bekannten estnischen Komponisten Jaan Rääts, p1996:</subfield>
    <subfield code="b">(Toomas Tummeleht, violoncello)</subfield>
  </datafield>
</record>